<?xml version="1.0" encoding="UTF-8"?><collection xmlns="http://www.loc.gov/MARC21/slim"><record><leader>00763nam--2200193-i-4500</leader><controlfield tag="001">000036674</controlfield><controlfield tag="002">20161230</controlfield><controlfield tag="005">20161230201041</controlfield><controlfield tag="008">060222s1000------------r-----000-0-eng-d</controlfield><datafield ind1=" " ind2=" " tag="040"><subfield code="a">IFIN-HH</subfield></datafield><datafield ind1=" " ind2=" " tag="080"><subfield code="a">621.039.6:533.9(061.3)</subfield></datafield><datafield ind1="1" ind2=" " tag="110"><subfield code="a">International Atomic Energy Agency</subfield></datafield><datafield ind1="1" ind2="0" tag="245"><subfield code="a">PLASMA PHYSICS AND CONTROLLED NUCLEAR FUSION RESEARCH 1986. Nuclear Fusion, Supplement 1987</subfield><subfield code="b">Proceedings of the Eleventh International Conference on Plasma Physics and Controlled Nuclear Fusion Research Held by the Inetrnational Atomic Energy Agency in Kyoto, 13-20 November 1986</subfield></datafield><datafield ind1=" " ind2=" " tag="260"><subfield code="a">Vienna, Iaea, 1987,</subfield></datafield><datafield ind1=" " ind2=" " tag="300"><subfield code="a">3 volume</subfield></datafield><datafield ind1=" " ind2=" " tag="490"><subfield code="a">Nuclear Fusion, Supplement 1987</subfield></datafield><datafield ind1="1" ind2=" " tag="787"><subfield code="a">Vol.3</subfield><subfield code="h">629p</subfield></datafield><datafield ind1=" " ind2=" " tag="852"><subfield code="a">73942</subfield><subfield code="c">533.9</subfield></datafield><datafield ind1=" " ind2=" " tag="CAT"><subfield code="a">Sys</subfield><subfield code="c">20101001</subfield><subfield code="h">180853</subfield></datafield></record></collection>